@misc{he2015deep,
      title={Deep Residual Learning for Image Recognition}, 
      author={Kaiming He and Xiangyu Zhang and Shaoqing Ren and Jian Sun},
      year={2015},
      eprint={1512.03385},
      archivePrefix={arXiv},
      primaryClass={cs.CV}
}

@misc{szegedy2016inceptionv4,
      title={Inception-v4, Inception-ResNet and the Impact of Residual Connections on Learning}, 
      author={Christian Szegedy and Sergey Ioffe and Vincent Vanhoucke and Alex Alemi},
      year={2016},
      eprint={1602.07261},
      archivePrefix={arXiv},
      primaryClass={cs.CV}
}

@misc{gidaris2018unsupervised,
      title={Unsupervised Representation Learning by Predicting Image Rotations}, 
      author={Spyros Gidaris and Praveer Singh and Nikos Komodakis},
      year={2018},
      eprint={1803.07728},
      archivePrefix={arXiv},
      primaryClass={cs.CV}
}